3900 5509
529 657 610 747 ¹5⁴
839 629 1135 713 ANATOMIA
1169 628 1361 717 XIPHIAE

534 850 643 904 tremo
663 817 720 894 suo
740 814 913 892 rotundato
932 837 1083 918 penetrat.
1141 816 1266 914 Vagina
1286 819 1400 901 tenui,
1440 812 1560 888 tenaci
1576 809 1687 895 eatena·

537 924 727 1014 includitur,
764 946 836 1019 quac
853 946 871 990 a
889 916 1050 993 sclcrotica
1070 924 1231 1016 originem
1250 918 1348 991 ducit.
1420 916 1619 988 Subslantia
1636 923 1685 1009 eiua
1739 920 1742 925 ’

450 1018 455 1029 ’
537 1035 660 1103 interna
683 1020 864 1095 medullaris
882 1019 928 1093 eli
947 1019 1050 1091 latutu
1070 1015 1187 1090 solium
1210 1017 1344 1101 lineare,
1372 1022 1410 1088 iu
1432 1016 1548 1115 plicas
1562 1017 1686 1115 longitu·
1737 1060 1740 1067 ·

536 1126 676 1209 diuales,
700 1114 850 1202 diversas,
880 1114 1040 1193 ‘flexuosas
1053 1118 1284 1219 conglobatum
1301 1124 1361 1202 ita,
1391 1131 1430 1188 ut
1448 1118 1684 1212 cylindraceuu

538 1253 657 1326 eorpus
674 1221 818 1322 effingat.
874 1220 963 1292 Plicae
980 1219 1041 1291 illae
1062 1219 1250 1293 membrana
1269 1216 1477 1305 intermedia
1499 1214 1610 1290 subtili
1622 1225 1686 1292 inter

539 1325 573 1403 sc
593 1320 761 1398 arctiffiaae
781 1321 1020 1396 combinantur.
1094 1321 1297 1418 Mulpigbius
1315 1324 1347 1389 in
1374 1321 1646 1390 Excercitatioaa
1659 1322 1686 1393 tt

539 1431 661 1502 tuebro
681 1424 777 1523 plicas
796 1428 891 1493 icone
910 1417 1148 1518 repraesentavit.
1212 1415 1450 1492 -Conserantur
1479 1427 1605 1506 etiam,
1631 1447 1686 1518 quae

480 1560 485 1565 ·
539 1527 582 1601 de
602 1531 666 1597 hoc
686 1541 879 1621 argumento
901 1528 935 1591 in
955 1517 1018 1594 suis
1041 1522 1197 1613 Operibus
1217 1522 1311 1590 Tum
1327 1521 1365 1598 ll.
1388 1518 1493 1616 parte
1509 1525 1537 1596 1.
1551 1547 1588 1620 p.
1601 1539 1685 1615 25.et

540 1644 631 1731 parte
643 1626 684 1710 li.
697 1649 730 1724 p.
748 1646 779 1701 t.
791 1619 928 1708 exstant,
960 1621 1015 1694 ubi
1028 1647 1104 1695 vero
1122 1627 1200 1694 icon
1213 1617 1303 1721 supra
1315 1617 1403 1693 dieta
1416 1617 1535 1701 deest.

1076 1849 1086 1874 .
1118 1818 1178 1868 αα.

914 1928 979 2006 Offa
999 1794 1128 2006 quasdam
1146 1925 1314 2006 stnguiatiu.

646 2039 725 2139 Offlt
743 2041 838 2138 gulae
855 2038 923 2113 duo
942 2045 975 2111 iu
997 2039 1135 2110 modum
1157 2037 1264 2111 litterae
1282 2044 1325 2114 V.
1344 2034 1488 2110 inversae
1499 2035 1685 2139 conuergeu·¹

543 2146 606 2233 tia,
631 2136 789 2226 subsedia,
814 2141 960 2231 lunaria,
997 2134 1189 2234 prismatica,
1221 2137 1356 2237 superne
1376 2135 1600 2213 subconuexa
1621 2162 1650 2211 et
1664 2144 1687 2208 in

543 2241 644 2311 tribua
664 2237 796 2322 areolia,
828 2240 923 2308 instar
944 2237 1078 2336 pellinis
1097 2235 1192 2323 lanae,
1217 2235 1330 2312 scabris
1351 2237 1476 2319 divisa,
1503 2237 1687 2313 inferneca·

543 2344 663 2418 einata,
695 2339 851 2408 bianchiae
867 2336 989 2408 ultimae
1002 2334 1167 2434 opposita,
1193 2357 1265 2411 ante
1278 2338 1451 2412 claviculas
1467 2362 1502 2413 et
1515 2364 1633 2413 contra
1645 2365 1687 2435 pa·

544 2436 600 2511 lati
619 2434 779 2510 tubermla
797 2432 905 2537 aspera
921 2439 1042 2534 jacent,
1082 2437 1138 2510 nbi
1157 2435 1329 2514 dimidium
1343 2445 1488 2514 initiunt
1520 2439 1686 2540 oesophagi

544 2535 607 2611 illia
620 2536 753 2610 affixum
766 2535 824 2612 eli.

1052 2712 1084 2808 §·
1111 2736 1173 2802 230

517 2856 538 2866 ''
653 2847 825 2927 Tubercula
851 2847 962 2942 aspera
978 2847 1086 2940 palati
1110 2843 1298 2933 duodecim,
1334 2825 1524 2946 gradatim,
1569 2851 1683 2940 maian,

547 2947 710 3046 oblonga,
749 2943 908 3048 depressa,
948 2952 980 3018 in
1001 2945 1125 3018 duobus
1144 2952 1274 3020 catervis
1298 2945 1479 3035 similibus,
1526 2949 1683 3050 opposui,

450 3120 464 3129 .,
545 3044 647 3151 ¹spatio
666 3047 819 3146 auguslo,
850 3048 980 3146 glabro,
1012 3046 1204 3121 intermedio
1225 3055 1374 3134 remotis,
1408 3051 1557 3150 oblique
1580 3074 1681 3150 etpro-

546 3153 635 3220 xime
656 3147 789 3221 alterum
813 3149 851 3219 ab
871 3149 969 3220 altero
990 3143 1156 3245 disposita,
1187 3148 1436 3224 extremitatibus
1455 3146 1629 3250 supremis
1646 3173 1682 3220 ar·

468 3339 470 3343 y
545 3266 645 3327 tuum
667 3244 896 3321 brauclaialium
920 3244 1074 3329 insident,
1107 3267 1216 3346 praeter
1238 3245 1305 3320 duo
1327 3248 1441 3320 ultima
1455 3249 1603 3349 similia,
1625 3274 1682 3322 ma·

544 3345 1682 3548 illiniti‘il‘gtaissillillillllllissitsslltbllll

546 3549 630 3617 ciam
651 3571 748 3618 unam
768 3545 886 3630 libero,
921 3543 1000 3617 sicut
1063 3547 1145 3633 aiiii,
1178 3545 1331 3647 proslaut.
1392 3551 1602 3648 Superficies
1634 3552 1682 3622 ub·

308 3656 321 3663 “
384 3633 387 3639 ’
502 3674 504 3679 ·
542 3658 686 3718 convexa
709 3652 861 3717 onmium
882 3666 955 3720 cute
971 3572 1101 3735 callblsa,
1124 3649 1240 3722 aculeis
1254 3653 1398 3722 minimis
1413 3653 1611 3728 retroversa
1622 3656 1683 3750 burg

439 3820 442 3826 ,
545 3743 631 3830 aida,
658 3744 795 3819 obducta
808 3744 864 3822 cll·

1074 3941 1170 3994 ‚20

521 4069 525 4073 ·
560 4092 567 4098 -
647 4049 795 4143 Scapulae
811 4074 864 4133 os,
895 3917 1074 4150 irregularss
1093 3941 1231 4150 sosmae,
1268 4047 1512 4153 iustarligonis
1533 4059 1683 4136 hortensi

474 4212 477 4216 .
543 4164 729 4250 ‘eutvatmm
759 4156 872 4249 partim
888 4147 944 4221 sub
956 4152 1032 4249 gula
1046 4158 1227 4251 partimque
1242 4150 1280 4222 ad
1295 4151 1375 4223 latus
1389 4156 1543 4249 pedloris
1557 4187 1630 4235 ante
1641 4170 1683 4233 iu·

543 4242 641 4320 serius
662 4267 842 4320 extremum
862 4249 1020 4323 claviculae
1026 4306 1037 4347 ³,
1069 4278 1212 4352 quocum
1232 4250 1499 4350 conglutinatum
1514 4261 1582 4344 eii,
1607 4269 1682 4354 jacet,

514 4351 518 4356 ’
542 4343 628 4421 uana
647 4345 711 4424 save
730 4355 870 4451 tauriana
896 4353 962 4444 ejus
986 4377 1076 4452 para,
1109 4348 1242 4457 obverse
1259 4344 1414 4443 cordata*
1442 4351 1593 4459 superne
1613 4389 1682 4436 con·

548 4488 550 4493 ·
1293 4546 1302 4555 ‚
1415 4544 1419 4550 ‚
1486 4496 1503 4509 ·
1603 4487 1681 4546 vexa
