3900 5509
372 643 492 751 10⁸,
626 616 1266 703 unmruurmsrrcmoiu

374 820 430 910 in·
440 807 623 890 omnibus
630 815 739 886 unius
764 812 909 908 generis
934 804 1119 910 speciebus
1142 832 1274 893 numam
1296 800 1462 883 differe
1480 806 1534 883 soi

372 915 480 1011 sent,
513 918 552 987 in
571 907 718 1012 singulis
737 910 846 1008 hujus
864 916 1007 1011 generis
1019 907 1206 1013 speciebus
1219 907 1393 988 eundem
1406 931 1534 985 nume·

376 1040 463 1097 tum
482 1014 663 1092 obtinent.
795 1048 810 1061 ·2
1024 1056 1028 1063 ·

379 1152 422 1185 ..Η
486 1139 555 1214 2¹5·
593 1115 650 1194 Ut
674 1131 794 1200 autem
823 1123 915 1194 certi
941 1111 1051 1195 simus
1071 1141 1140 1220 qua
1165 1125 1317 1196 ratione
1344 1111 1536 1212 eiusmodi

311 1226 317 1234 '
375 1219 405 1299 ,s
466 1223 522 1296 ies.
537 1224 646 1304 unius
666 1225 811 1318 generis
828 1216 893 1294 fibi
913 1214 1065 1317 similes,
1096 1244 1183 1314 vere
1196 1247 1216 1296 a
1229 1220 1264 1296 se
1279 1208 1462 1296 invicem
1476 1213 1536 1293 dis-

381 1244 527 1416 ἔξω,
559 1325 718 1392 vertebrae
737 1324 824 1418 aopi
841 1329 1024 1399 numerari
1047 1320 1199 1418 debent,
1239 1322 1371 1422 (quod
1395 1311 1536 1422 optimd

286 1458 307 1514 ς
375 1431 425 1500 in
443 1421 597 1526 piscibus
616 1419 731 1500 costis
745 1417 818 1517 sit.)
870 1424 1053 1499 Numerus
1072 1429 1172 1498 enim
1194 1424 1330 1499 harum
1346 1421 1536 1502 vertebra·

377 1549 466 1615 rum
484 1521 624 1625 semper
640 1527 680 1597 in
699 1545 774 1598 una
792 1523 989 1623 eademque
1004 1522 1120 1626 specie
1132 1522 1228 1599 idem
1244 1520 1318 1620 est,
1345 1523 1393 1602 δι
1406 1540 1537 1600 contra

214 1653 358 1741 μω.
379 1621 775 1726 diversus'plerumque
793 1629 833 1700 in
852 1619 1011 1701 diversis.
1041 1704 1044 1711 ,
1068 1622 1135 1701 Ast
1155 1624 1370 1705 cavendum
1388 1620 1469 1733 est,
1494 1645 1539 1699 ne

211 1752 213 1757 ·
380 1751 488 1806 error
507 1724 634 1824 aliquis
651 1731 693 1800 in
711 1724 940 1827 numerando
959 1733 1228 1821 committatur,
1267 1725 1445 1829 proinde
1459 1740 1540 1803 tota

381 1822 479 1907 dorsi
497 1825 596 1930 spina
611 1838 766 1923 acame
786 1827 824 1904 ὅ(
843 1829 1062 1905 membranis
1083 1829 1177 1904 bene
1188 1826 1374 1929 separata,
1421 1833 1468 1902 in
1484 1851 1539 1929 pa·

380 1931 464 2010 teisa
484 1930 545 2013 vel
564 1925 686 2005 mensa
704 1927 860 2026 munda,
897 1930 1045 2006 cultello
1066 1936 1106 2004 in
1129 1927 1204 2027 suas
1224 1929 1430 2006 vertebras
1448 1927 1540 2004 divi·

379 2029 499 2111 denda
517 2027 587 2127 est,
627 2053 706 2130 quae
726 2028 849 2133 postea
873 2030 969 2107 bene
992 2049 1247 2127 numerantur,
1287 2044 1331 2107 ut
1354 2053 1541 2107 numerus

257 2144 268 2155 “
378 2132 522 2211 illarum
547 2155 656 2208 verus
681 2129 900 2230 innotescam
943 2134 1077 2207 Iterum
1105 2149 1227 2209 tamen
1256 2149 1374 2233 atque
1402 2139 1540 2209 iterum

309 2316 312 2323 ,
378 2256 541 2328 moneo,
572 2255 622 2308 ne
643 2231 809 2317 vertebra
829 2239 999 2330 utrinque
1018 2231 1143 2310 ultima
1163 2231 1224 2310 seu
1248 2232 1388 2307 caudae
1408 2234 1540 2311 &crae¹

380 2343 447 2415 nio
462 2340 642 2439 proxima,
670 2339 710 2406 in
723 2330 945 2434 separatione
957 2339 1159 2429 omittatur,
1186 2331 1540 2434 nequeiemeltm·

347 2454 480 2534 stum,
513 2433 571 2511 sed
592 2435 783 2532 aliquoties
803 2434 1028 2510 certitudinis
1051 2434 1166 2511 caussa
1179 2439 1367 2512 numerari
1386 2435 1541 2515 debent.

387 2583 389 2587 ·
483 2541 556 2615 216.
584 2536 666 2613 Hac
686 2543 829 2613 ratione
849 2540 966 2633 (215.)
988 2535 1111 2613 videas
1126 2535 1259 2640 piscem
1277 2539 1542 2618 minimum&

381 2646 581 2720 maximum
601 2636 762 2734 ejusdem
790 2634 938 2739 speciei,
980 2637 1118 2739 semper
1145 2638 1301 2715 eundem
1328 2664 1541 2717 numerum

381 2742 629 2820 vertebrarum
651 2739 828 2817 obtinere.
886 2737 993 2816 Piscis
1012 2758 1132 2818 autem
1153 2740 1212 2817 vei
1234 2739 1377 2842 species
1395 2738 1539 2818 diversa

382 2846 595 2947 plerumque
621 2839 907 2935 unaivertebra,
946 2837 973 2916 si
999 2854 1078 2918 non
1101 2841 1285 2944 pluribus,
1325 2840 1539 2941 secundum

320 2955 325 2960 ’
383 2968 579 3020 numerum
603 2940 723 3017 differt
743 2966 763 3016 a
787 2941 932 3041 reliquis
953 2940 1005 3016 sui
1026 2926 1190 3043 generis,
1224 2937 1256 3018 s1
1269 2938 1393 3036 modo
1407 2950 1452 3021 in
1467 2951 1536 3024 nu&

382 3045 559 3127 merando
578 3043 826 3145 nullu‘serror
840 3041 1049 3120 commissus
1064 3042 1183 3124 fuerit.
1203 3050 1206 3055 '
1393 3113 1397 3120 .

484 3169 558 3244 217.
583 3148 672 3222 Hoc
693 3144 776 3220 ideo
794 3144 962 3248 adposui,
993 3153 1075 3245 quia
1093 3171 1268 3225 numerus
1283 3156 1446 3249 partium
1462 3171 1532 3225 ma·

383 3255 441 3351 gis
459 3255 497 3324 in
518 3247 650 3324 oculos
669 3246 784 3349 cadit,
816 3272 923 3345 quam
942 3245 1018 3323 aiiae
1038 3265 1156 3344 notae,
1191 3250 1274 3324 nam
1289 3251 1360 3326 illae
1376 3249 1529 3354 species,

288 3365 297 3378 ‘
383 3375 463 3452 quae
476 3358 516 3425 in
529 3347 601 3450 ipsa
614 3372 654 3424 re
668 3345 813 3424 diversae
827 3347 925 3444 sunt,
959 3347 1131 3427 differunt
1149 3348 1294 3449 quidem
1307 3349 1529 3455 semperasi-

383 3447 588 3551 quantisper
605 3455 646 3525 in
664 3442 780 3547 figura
800 3449 837 3526 &
851 3454 1094 3552 proportione
1104 3456 1258 3552 partium
1272 3462 1524 3547 externarum,

382 3549 644 3649 sed—ejusmodi
667 3538 878 3627 differentiae
901 3574 983 3626 non
1009 3548 1284 3628 adeodate&
1304 3552 1525 3648 determino.

273 3725 277 3734 .
383 3661 467 3732 tiuae
487 3651 586 3747 sunt,
620 3648 810 3754 presertim
829 3646 856 3726 fi
876 3650 1349 3754 ichthyographusquidam
1365 3660 1405 3730 in
1416 3661 1524 3731 inve·

383 3753 527 3832 niendis
540 3755 728 3850 dpferentiis
736 3753 890 3847 specificis
902 3778 1029 3856 parum
1047 3762 1264 3832 exercitatus
1277 3755 1314 3849 δι
1326 3751 1522 3833 instrusius

372 3852 435 3934 'sm
489 3856 693 3953 observatio,
719 3856 866 3930 Dantur
889 3853 1036 3953 quidem
1055 3854 1194 3954 aliquot
1216 3853 1353 3956 species
1375 3852 1522 3933 diverse

383 3963 492 4033 unius
510 3961 678 4055 generis,
712 3978 791 4053 quae
816 3980 931 4030 unum
951 3953 1321 4036 eundemnumerum
1337 3957 1524 4034 vertebra·v

315 4086 317 4091 ·
358 4097 360 4101 ·
383 4082 465 4135 rum
485 4057 637 4149 habent,
668 4052 726 4130 sed
746 4055 814 4132 islae
831 4053 987 4157 species,
1019 4062 1059 4132 in
1084 4057 1239 4158 partibus
1259 4064 1424 4133 externis
1443 4055 1522 4133 satis

385 4156 577 4253 distinsioe,
607 4157 828 4259 &preterea
845 4157 1010 4267 exempla
1031 4157 1228 4232 admodum
1245 4181 1324 4236 rara
1343 4155 1449 4257 sunt,
1474 4163 1527 4237 ita

267 4274 269 4278 ’
384 4275 425 4344 ut
442 4282 513 4363 ego
529 4264 567 4338 in
576 4253 659 4336 solo
679 4281 814 4385 genere
828 4264 973 4364 cyprini
985 4258 1073 4341 illud
1089 4257 1351 4374 observavi„
1480 4302 1483 4307 ·

1067 4424 1071 4432 ’
1180 4542 1184 4548 ,
1232 4588 1235 4593 ,
1313 4406 1522 4549 'unna-
