3900 5509
397 655 461 757 ξδ’
756 638 948 727 ΙΑΚΤΕδ
979 638 1195 725 uscuut

396 839 457 941 snt
482 855 569 917 utres
604 854 670 908 non
697 830 848 905 uideatur
864 835 1039 926 precipere,
1073 831 1242 925 precipue
1259 848 1332 899 cunr
1358 844 1450 908 cupa
1473 848 1559 900 m.

243 971 316 1053 pag.
329 975 386 1033 σο.
405 942 446 1013 ts
467 942 551 1040 flur,
602 929 717 1077 Qud
750 948 871 1010 aurern
903 928 1020 1036 pisces
1050 928 1293 1075 reformident
1319 923 1448 1006 sonos
1475 945 1557 1107 εἷς

811 1327 1146 1396 Annrrnururuu.

400 1434 478 1505 mici
497 1420 701 1501 oculatillimi
722 1452 843 1526 nempe
863 1427 1072 1509 Kollrrutrr,
1109 1422 1262 1516 Compar,
1302 1417 1488 1521 (ἅψας,
1521 1439 1551 1497 et

400 1529 588 1604 Alexander
609 1530 732 1600 Moneo
752 1552 914 1626 organum
946 1525 1071 1599 auditur
1098 1521 1305 1622 quorundam
1333 1519 1483 1621 piscium
1506 1543 1548 1597 ta·

400 1631 484 1709 bulis
505 1633 599 1701 aneia
619 1634 654 1701 in
672 1633 816 1727 apricum
836 1626 1055 1727 protulerunt,
1082 1651 1184 1699 nemo
1202 1622 1242 1701 de
1262 1617 1406 1718 piscium
1419 1619 1544 1705 facula.-

272 1744 299 1787 ἰ
375 1752 434 1805 ete
458 1724 607 1803 audiendi
625 1728 759 1803 dubitat.
809 1728 921 1823 Qualis
938 1749 1048 1802 autem
1069 1723 1123 1817 lit,
1148 1723 1297 1798 nondum
1317 1720 1400 1799 satis
1416 1724 1538 1804 conflat.

235 1848 238 1857 “
402 1829 557 1906 Obtuliot
574 1828 685 1905 auditu
704 1834 850 1908 hominia
868 1829 1073 1929 aliorumque
1093 1825 1302 1922 annualium,
1328 1832 1367 1897 in
1381 1833 1456 1902 alite
1469 1825 1531 1905 lile·

401 1958 441 2005 ro
458 1930 666 2032 degentium,
690 1925 753 2005 ella
772 1932 853 2004 mihi
874 1929 1014 2014 videtur,
1044 1957 1121 2004 cum
1144 1947 1267 2000 meatus
1287 1924 1474 2002 auditorint
1490 1949 1536 2001 ex·

401 2054 511 2113 ternuc
530 2033 662 2112 cochlea
676 2053 708 2109 et
729 2035 803 2105 tuba
815 2030 976 2104 Eustachii
990 2037 1023 2104 in
1037 2028 1173 2130 piscibus
1186 2033 1267 2101 ueris
1280 2025 1405 2110 delicit.
1459 2031 1541 2103 Con·

401 2131 449 2207 ser
473 2142 611 2206 Antores
637 2142 671 2204 iu
693 2134 842 2211 nutum.
863 2133 1007 2230 icltlryol,
1023 2159 1055 2228 p.
1076 2146 1144 2225 ¹87
1158 2127 1322 2202 indicator.
1375 2126 1439 2213 Al,
1450 2132 1545 2204 Mon

403 2261 442 2306 ro
462 2233 594 2334 quidem
613 2254 757 2305 mearum
776 2233 972 2304 auditorium
993 2254 1161 2306 externum
1183 2235 1267 2320 Reiz
1289 2231 1351 2305 tab.
1373 2256 1408 2322 7.
1435 2230 1544 2306 olleu·

403 2334 449 2408 tlit
469 2353 501 2406 et
514 2335 702 2405 Koilrrrtter
721 2332 888 2436 cochleam
902 2337 938 2404 in
951 2336 1109 2432 Harengo
1122 2330 1249 2405 detexit.
1284 2335 1412 2407 Verum
1480 2338 1488 2355 ⁸

405 2431 542 2527 Camper
566 2439 600 2505 in
626 2432 856 2507 Additamento
881 2433 922 2507 ad
953 2431 1135 2508 uetllonem
1158 2435 1387 2506 Germanicam
1405 2358 1545 2509 Em

402 2540 509 2633 operit
522 2562 592 2635 pag
610 2540 690 2613 162.
702 2534 908 2622 contradixit,
934 2555 966 2609 et
979 2534 1146 2609 cochleam
1167 2533 1219 2605 alii
1235 2540 1267 2605 in
1284 2538 1449 2633 Harengo
1462 2563 1544 2609 non·

401 2632 483 2708 dum
509 2635 666 2713 virerum.
729 2639 879 2709 Praeterea
903 2643 985 2710 ae'ris
1011 2635 1101 2709 liberi
1121 2632 1235 2721 sonus,
1278 2641 1333 2734 qui
1361 2633 1543 2731 secundmn

403 2737 524 2811 Nolui
548 2757 580 2811 et
605 2739 743 2811 Mortui
771 2732 1007 2812 observationet
1026 2744 1105 2809 intra
1132 2763 1267 2835 aquam,
1306 2731 1545 2813 sedcbscun'ut

400 2843 626 2922 continuatur,
652 2864 813 2939 organum
833 2837 958 2917 autlitur
982 2835 1115 2938 piscium
1130 2837 1315 2912 immediate
1333 2859 1471 2938 tangere
1486 2869 1544 2916 ne·

281 2969 290 2981 ‘
401 2944 481 3036 quit.
501 3024 507 3040 ι
533 2936 660 3012 Sufficit
679 2961 791 3013 tamen
804 2944 849 3012 cir
867 2937 987 3012 sonum
1007 2945 1041 3011 in
1060 2966 1140 3039 aqua
1162 2937 1227 3010 stuc
1239 2958 1420 3012 tremorem
1442 2968 1546 3042 aqua,

401 3064 500 3138 quem
519 3038 579 3111 alia
600 3041 749 3112 animalia
767 3039 914 3139 aquatilia
933 3039 995 3112 illis
1012 3036 1123 3112 infella
1149 3044 1302 3123 excitant,
1333 3065 1393 3140 per
1417 3045 1543 3119 talium

401 3144 502 3218 cranii
522 3146 700 3239 percipere,
726 3163 761 3214 ut
776 3137 852 3241 luga
871 3137 1004 3214 salutem
1027 3162 1132 3236 petere
1152 3137 1281 3238 polllnt.
1352 3183 1361 3191 ·
1381 3158 1383 3162 '

419 3310 427 3318 ,
502 3247 617 3312 nurus
649 3239 800 3340 piscium,
825 3267 883 3341 per
907 3243 1073 3315 branchiis
1092 3236 1331 3339 respirantium,
1359 3237 1555 3339 secundum,

401 3335 656 3412 observationem
678 3343 833 3440 Gmffloy
853 3339 896 3415 cll
914 3367 1047 3415 caverna
1072 3340 1111 3412 ad
1130 3363 1303 3441 utrumque
1315 3341 1398 3416 latur
1417 3349 1542 3422 cerebri

260 3488 262 3493 -
401 3439 475 3525 fita,
500 3467 518 3510 a
540 3466 601 3538 qua
624 3441 838 3541 utplurimum
862 3450 978 3540 pariete
1000 3449 1197 3542 intergerino
1218 3443 1474 3520 membranaceo
1492 3438 1541 3523 vel

400 3566 635 3639 nonnunquam
650 3542 842 3640 proccffiluts
856 3543 1045 3643 qnibntdam
1068 3539 1161 3617 olleia
1181 3539 1347 3641 separatur.
1398 3546 1540 3622 Orificio

316 3684 325 3703 ·
400 3665 500 3739 parvo
517 3636 701 3715 abscondito
720 3641 783 3717 sub.
796 3642 861 3715 bal'r
881 3649 979 3718 cranii
1005 3670 1106 3745 prope
1130 3649 1363 3717 extremitatem
1391 3649 1539 3746 operculi

398 3743 622 3814 branchiatum
646 3765 750 3845 patet,
786 3748 839 3818 ubi
860 3767 970 3819 tamen
990 3766 1081 3828 cute,
1123 3771 1184 3845 qua
1211 3749 1324 3817 cavitas
1345 3746 1538 3825 branchialir

212 3896 219 3903 .,
275 3916 277 3922 ,
399 3849 524 3916 interne
541 3841 648 3916 vellita
669 3843 734 3942 eli,
780 3845 1062 3946 planeobtegitut.
1111 3848 1208 3917 'Hac
1239 3869 1371 3918 caventa
1392 3840 1538 3945 labyrin‘.

263 4012 266 4027 ,
310 3955 313 3962 “
398 3947 495 4016 thum
513 3972 588 4018 cum
607 3946 706 4018 tribus
724 3947 773 4020 vel
793 3947 921 4021 duobus
946 3944 1087 4020 officulis
1109 3946 1251 4019 includit.
1305 3947 1537 4041 Labyrinthus,

397 4044 523 4143 liquore
546 4044 705 4144 pellucido
723 4069 756 4120 et
773 4048 967 4148 quandoque
994 4054 1124 4139 materia
1150 4047 1253 4148 aliqua
1278 4047 1373 4120 molli
1392 4071 1537 4127 cretacea

395 4144 568 4314 purplema,
592 4147 758 4320 {plmbm
779 4147 931 4322 lplliculils
944 4149 1214 4322 Ῥοωδὲεηέεοίἱ,
1241 4149 1536 4325 ῐυδυίῗίὲηιεῐτηκ-

254 4291 260 4302 x
421 4270 593 4315 roconun
632 4274 674 4326 tt,
698 4270 787 4320 ettrt
812 4278 907 4322 utve
931 4279 970 4321 at
997 4278 1056 4324 utu
1081 4280 1103 4323 o
1140 4278 1184 4325 uo
1207 4278 1364 4323 tucanat
1389 4278 1428 4324 us
1455 4262 1535 4328 emi·

269 4341 272 4345 ’
395 4267 596 4419 circulariliur
613 4345 783 4439 dillinclit,
807 4330 842 4424 in
856 4278 1085 4453 triangtllonel
1103 4348 1287 4427 decttllatim
1298 4351 1412 4454 politic
1420 4410 1433 4443 ,
1456 4383 1537 4437 conv

570 4492 574 4497 ·
1463 4457 1535 4535 ssat.
